% Encoding: UTF-8

@Article{Jang2015,
  author       = {Yunjae Jang and Jamee Kim and Wongyu Lee},
  date         = {2015},
  journaltitle = {Indian Journal of Science and Technology},
  title        = {Assessing the Usefulness of Object-based Programming Education Using Arduino},
  file         = {:C\:/Users/warre/OneDrive/Documents/HoGent Mobile/Sem 5/Bachelorproef/Draft literatuurstudie/Referenties/-.pdf:PDF},
}

@Article{Weintrop2019,
  author       = {David Weintrop},
  date         = {2019-07},
  journaltitle = {Communications of the {ACM}},
  title        = {Block-based programming in computer science education},
  doi          = {10.1145/3341221},
  number       = {8},
  pages        = {22--25},
  volume       = {62},
  file         = {:C\:/Users/warre/OneDrive/Documents/HoGent Mobile/Sem 5/Bachelorproef/Draft literatuurstudie/Referenties/blockbased programming.pdf:PDF},
  publisher    = {Association for Computing Machinery ({ACM})},
}

@Article{Werner2011,
  author       = {Irene Lee and Fred Martin and Jill Denner and Bob Coulter and Walter Allan and Jeri Erickson and Joyce Malyn-Smith and Linda Werner},
  date         = {2011},
  journaltitle = {ACM Inroads},
  title        = {Computational and Thinking for and Youth in Practice},
  file         = {:C\:/Users/warre/OneDrive/Documents/HoGent Mobile/Sem 5/Bachelorproef/Draft literatuurstudie/Referenties/Computational_thinking_for_youth_in_prac.pdf:PDF},
}

@Misc{Denies2015,
  author       = {Katrijn Denies and Liesbet Heyvaert & Rianne Janssen jaar lessen Engels volgden op school. In verschillende and landen of taalgemeenschappen and waaronder Vlaanderen},
  date         = {2015},
  editor       = {{Levende Talen Magazine}},
  title        = {Hoe staat het met het onderwijs Engels in Vlaanderen? Lessen uit de European Survey on Language Competences},
  file         = {:C\:/Users/warre/OneDrive/Documents/HoGent Mobile/Sem 5/Bachelorproef/Draft literatuurstudie/Referenties/onderwijs engels lezen nog niet opnemen.pdf:PDF},
  journaltitle = {Levende Talen Magazine},
}

@Article{Fagan2017,
  author       = {Bryan j Fagan and Bryson Payne},
  date         = {2017-05},
  journaltitle = {Proceedings of the Interdisciplinary {STEM} Teaching and Learning Conference},
  title        = {Learning to Program in Python {\textendash} by Teaching It!},
  doi          = {10.20429/stem.2017.010109},
  number       = {1},
  volume       = {1},
  file         = {:C\:/Users/warre/OneDrive/Documents/HoGent Mobile/Sem 5/Bachelorproef/Draft literatuurstudie/Referenties/python use.pdf:PDF},
  publisher    = {Georgia Southern University},
}

@InProceedings{Jain2014,
  author    = {Sarthak Jain and Anant Vaibhav and Lovely Goyal},
  booktitle = {2014 International Conference on Reliability Optimization and Information Technology ({ICROIT})},
  date      = {2014-02},
  title     = {Raspberry Pi based interactive home automation system through E-mail},
  doi       = {10.1109/icroit.2014.6798330},
  publisher = {{IEEE}},
  file      = {:C\:/Users/warre/OneDrive/Documents/HoGent Mobile/Sem 5/Bachelorproef/Draft literatuurstudie/Referenties/Raspberry Pi based Interactive Home Automation System through E-mail .pdf:PDF},
}

@Article{Maloney2010,
  author       = {John Maloney and Mitchel Resnick and Natalie Rusk and Brian Silverman and Evelyn Eastmond},
  date         = {2010-11},
  journaltitle = {ACM Transactions on Computing Education},
  title        = {The Scratch Programming Languageand Environment},
  file         = {:C\:/Users/warre/OneDrive/Documents/HoGent Mobile/Sem 5/Bachelorproef/Draft literatuurstudie/Referenties/Scratch.pdf:PDF},
}

@Online{VLOR2020,
  author  = {{Vlaamse onderwijsraad}},
  date    = {2021},
  editor  = {Ben Weyts},
  title   = {Advies over onderwijsdecreet XXX},
  url     = {https://www.vlor.be/adviezen/advies-over-onderwijsdecreet-xxx},
  urldate = {2021-02-28},
}

@Online{Vlaanderen2018,
  author  = {{Onderwijs Vlaanderen}},
  date    = {2018},
  editor  = {{Onderwijs Vlaanderen}},
  title   = {Onderwijsdoelen: Wat zijn onderwijsdoelen?},
  url     = {https://onderwijs.vlaanderen.be/nl/onderwijsdoelen},
  urldate = {2021-03-07},
}

@Online{Vlaanderen2018a,
  author  = {{Onderwijs Vlaanderen}},
  date    = {2018},
  editor  = {{Onderwijs Vlaanderen}},
  title   = {Uitgangspunten eindtermen Digitale competentie en mediawijsheid},
  url     = {https://onderwijsdoelen.be/uitgangspunten/4816},
  urldate = {2021-03-07},
}

@Online{Llinkid2019,
  author  = {Llinkid},
  date    = {2019},
  editor  = {{Katholiek onderwijs Vlaanderen}},
  title   = {Gemeenschappelijk leerplan ICT - I AB},
  url     = {https://llinkid.katholiekonderwijs.vlaanderen/#!/leerplan/e28016ef-dd17-4732-9763-b1fc0bb06b3c/doelenlijst},
  urldate = {2021-03-08},
}

@Online{Smartschool,
  author  = {{Smartschool}},
  date    = {2019},
  editor  = {{Smartschool}},
  title   = {Go! Navigator},
  url     = {https://ledeganck.smartschool.be/navigator/page/a3a9ca48-655e-4394-b049-ee8f31b15c13},
  urldate = {2021-03-08},
}

@Online{Hughes,
  author  = {J. M. Hughes},
  date    = {2013},
  editor  = {{Oreilly}},
  title   = {Arduino: A technical reference},
  url     = {https://www.oreilly.com/library/view/arduino-a-technical/9781491934319/ch01.html#:~:text=In 2005, building upon the,Institute Ivrea in Ivrea, Italy},
  urldate = {2021-05-18},
}

@Online{Keim2019,
  author  = {Robert Keim},
  date    = {2019},
  editor  = {{Robert Keim}},
  title   = {What Is a Microcontroller? The Defining Characteristics and Architecture of a Common Component},
  url     = {https://www.allaboutcircuits.com/technical-articles/what-is-a-microcontroller-introduction-component-characteristics-component/},
  urldate = {2021-03-29},
}

@Online{IW2017,
  author  = {IW},
  date    = {2017},
  editor  = {{BBC}},
  title   = {BBC micro:bit celebrates huge impact in first year, with 90% of students saying it helped show that anyone can code},
  url     = {https://www.bbc.co.uk/mediacentre/latestnews/2017/microbit-first-year},
  urldate = {2021-03-21},
}

@Online{Stager2018,
  author  = {Gary Stager},
  date    = {2018},
  editor  = {{Invent to Learn}},
  title   = {The micro:bit Matters},
  url     = {https://inventtolearn.com/the-microbit-matters/},
  urldate = {2021-03-22},
}

@PhdThesis{Mouhamad2014,
  author      = {Abdelrahim el Mouhamad},
  date        = {2014-07-18},
  institution = {Rafik Hariri University},
  title       = {Robotics as a Learning Tool for Educational Transformation},
  url         = {https://www.researchgate.net/publication/332401229_Educational_Robotics_Is_a_Useful_Tool_in_Education},
}

@Article{Junior2013,
  author       = {Luiz A. Junior and Osvaldo T. Neto and Marli F. Hernandez and Paulo S. Martins and Leonardo L. Roger and Fatima A. Guerra},
  date         = {2013-12-13},
  journaltitle = {Cyber Journals: Multidisciplinary Journals in Science and Technology},
  title        = {A Low-Cost and Simple Arduino-BasedEducational Robotics Kit},
  url          = {https://www.researchgate.net/publication/276849083_A_Low-Cost_and_Simple_Arduino-Based_Educational_Robotics_Kit},
}

@Article{ArnoutGyssels2020,
  author       = {Arnout Gyssels, Jens Vancaeneghem},
  date         = {2020-12-15},
  journaltitle = {Nieuwsblad},
  title        = {Vanaf vijfde leerjaar een laptop voor elke leerling: Ben Weyts (N-VA) trekt 375 miljoen euro uit voor digitale sprong in het onderwijs},
  url          = {https://www.nieuwsblad.be/cnt/dmf20201214_97372547},
}

@MastersThesis{Koelling2016,
  author      = {Michael Kölling},
  date        = {2016-06-24},
  institution = {University of Kent},
  title       = {Educational Programming on the Raspberry Pi},
  url         = {https://www.mdpi.com/2079-9292/5/3/33},
  year        = {2016},
}

@Thesis{Kuss2018,
  author      = {Fabiano Sardenberg Kuss and Marcos A. Castilho and Leticia Mara Peres and Fabiano Silva},
  date        = {2018-01-01},
  institution = {Federal University of Parana},
  title       = {Aulacast: A Single Board Computer Platform to Support Teaching},
  type        = {Paper},
  url         = {http://www.inf.ufpr.br/fskuss/teachersupport.pdf},
  owner       = {jbuy519},
  timestamp   = {2014.03.28},
  year        = {2018},
}

@Paper{Pattichis2017,
  author      = {Marios S. Pattichis and Sylvia Celedon-Pattichis and Carlos LopezLeiva},
  citationkey = {Pattichis2017},
  title       = {Teaching image and video processing using middle-school mathematics and the Raspberry PI},
  date        = {2017-03-07},
  institution = {University of New Mexico, Albuquerque},
  type        = {Paper},
  url         = {http://ivpcl.unm.edu/bibtex_php/Conferences_Pdfs/TEACHING_IMAGE_AND_VIDEO_PROCESSINGUSING_MIDDLE_SCHOOL.pdf},
}

@Online{Parlement,
  author  = {{Vlaams parlement}},
  date    = {2021},
  editor  = {{Vlaams parlement}},
  title   = {Hoe komt een decreet tot stand?},
  url     = {https://www.vlaamsparlement.be/over-het-vlaams-parlement/hoe-werkt-het-vlaams-parlement/hoe-komt-een-decreet-tot-stand#:~:text=In decreten worden de algemene,ander decreet goed te keuren},
  urldate = {2021-02-28},
}

@Online{Vlaanderen2018b,
  author  = {{Onderwijs Vlaanderen}},
  date    = {2018},
  editor  = {{Onderwijs Vlaanderen}},
  title   = {Zestien sleutelcompetenties},
  url     = {https://www.kwalificatiesencurriculum.be/zestien-sleutelcompetenties},
  urldate = {2021-02-28},
}

@Online{Vlaanderen,
  author  = {{Katholiek onderwijs Vlaanderen}},
  date    = {2020},
  editor  = {{Katholiek onderwijs Vlaanderen}},
  title   = {Concepten van computationeel denken},
  url     = {https://pro.katholiekonderwijs.vlaanderen/computationeel-denken/concepten},
  urldate = {2021-03-07},
}

@Article{ET2012,
  author       = {Nick Smith},
  date         = {2012},
  journaltitle = {ET Magazine},
  title        = {the Raspberry pisingle‑board computerwill revolutionise computer science teaching},
  file         = {:C\:/Users/User/Documents/HoGent/sem 5/Bachelorproef/Referenties/06210296.pdf:PDF},
}

@Online{Foundation,
  author  = {{Raspberry Pi Foundation}},
  date    = {2019},
  editor  = {{Raspberry Pi Foundation}},
  title   = {About us},
  url     = {https://www.raspberrypi.org/about/},
  urldate = {2021-03-15},
}

@Online{Foundationa,
  author  = {{Raspberry Pi Foundation}},
  date    = {2019},
  editor  = {{Raspberry Pi Foundation}},
  title   = {Specifications Raspberry Pi 4},
  url     = {https://www.raspberrypi.org/products/raspberry-pi-4-model-b/specifications/},
  urldate = {2021-03-15},
}

@Online{Teja2021,
  author  = {Ravi Teja},
  date    = {2021-04-05},
  editor  = {{Electronics Hub}},
  title   = {What are the differences between Raspberry Pi and Arduino?},
  url     = {https://www.electronicshub.org/raspberry-pi-vs-arduino/#:~:text=The main difference between them,Arduino makes hardware projects simple},
  urldate = {2021-03-20},
}

@Online{FreeCodeCamp2017,
  author  = {{FreeCodeCamp}},
  date    = {2017-04-24},
  editor  = {{FreeCodeCamp}},
  title   = {Hardware Fundamentals: what exactly is a microcontroller?},
  url     = {https://www.freecodecamp.org/news/hardware-fundamentals-what-exactly-is-a-microcontroller-8a502a3650dc/#:~:text=A single-board computer is,on a single circuit board.&text=Microcontrollers also don't have,not a full operating system},
  urldate = {2021-03-29},
}

@Online{Singapore,
  author  = {{The Lab}},
  date    = {2019-04-20},
  editor  = {{The Lab Singapore}},
  title   = {Why a Raspberry PI? Raspberry Pi vs Microbit},
  url     = {https://www.thelab.sg/why-a-raspberry-pi-raspberry-pi-vs-microbit/#:~:text=Raspberry Pi 3 is a,run a full operating system.&text=The BBC Micro Bit is suited to teach the raw,It's highly basic},
  urldate = {2021-03-15},
}

@Online{Armoni2015,
  author  = {Michal Armoni and Orni Meerbaum-Salant and Mordechai Ben-Ari},
  date    = {2015-02},
  editor  = {{ACM}},
  title   = {From Scratch to “Real” Programming},
  url     = {https://dl.acm.org/doi/10.1145/2677087},
  urldate = {2021-03-27},
}

@Online{Karani2020,
  author  = {Dhruvil Karani},
  date    = {2020-01-09},
  editor  = {{Dhruvil Karani}},
  title   = {How does python work?},
  url     = {https://towardsdatascience.com/how-does-python-work-6f21fd197888},
  urldate = {2021-03-29},
}

@Misc{Susan2014,
  author = {Susan P. Imberman and Deborah Strum and Mohammed Q. Azhar},
  date   = {2014},
  editor = {CUNY},
  title  = {Computational thinking: expanding the toolkit},
  file   = {:C\:/Users/User/Documents/HoGent/sem 5/Bachelorproef/Referenties/ccscnepaper11-04prepublication.pdf:PDF},
}

@Comment{jabref-meta: databaseType:biblatex;}

@Comment{jabref-meta: fileDirectoryLatex-User-DESKTOP-E6UCR8H:C:\\Users\\User\\Documents\\HoGent\\sem 5\\Bachelorproef\\updated\\bachproef-latex-sjabloon-master\\bachproef;}

@Comment{jabref-entrytype: paper: req[author;title;citationkey] opt[date;institution]}
