% Encoding: UTF-8

@Thesis{Kuss2018,
  author      = {Fabiano Sardenberg Kuss and Marcos A. Castilho and Leticia Mara Peres and Fabiano Silva},
  date        = {2018-01-01},
  institution = {Federal University of Parana},
  title       = {Aulacast: A Single Board Computer Platform to Support Teaching},
  type        = {Paper},
  url         = {http://www.inf.ufpr.br/fskuss/teachersupport.pdf},
  owner       = {jbuy519},
  timestamp   = {2014.03.28},
  year        = {2018},
}

@MastersThesis{Koelling2016,
  author      = {Michael KÃ¶lling},
  date        = {2016-06-24},
  institution = {University of Kent},
  title       = {Educational Programming on the Raspberry Pi},
  url         = {https://www.mdpi.com/2079-9292/5/3/33},
  year        = {2016},
}

@PhdThesis{Mouhamad2014,
  author      = {Abdelrahim el Mouhamad},
  date        = {2014-07-18},
  institution = {Rafik Hariri University},
  title       = {Robotics as a Learning Tool for Educational Transformation},
  url         = {https://www.researchgate.net/publication/332401229_Educational_Robotics_Is_a_Useful_Tool_in_Education},
}

@Article{Junior2013,
  author       = {Luiz A. Junior and Osvaldo T. Neto and Marli F. Hernandez and Paulo S. Martins and Leonardo L. Roger and Fatima A. Guerra},
  date         = {2013-12-13},
  journaltitle = {Cyber Journals: Multidisciplinary Journals in Science and Technology},
  title        = {A Low-Cost and Simple Arduino-BasedEducational Robotics Kit},
  url          = {https://www.researchgate.net/publication/276849083_A_Low-Cost_and_Simple_Arduino-Based_Educational_Robotics_Kit},
}

@Thesis{MariosS.Pattichis2017,
  author      = {Marios S. Pattichis and Sylvia Celedon-Pattichis and Carlos LopezLeiva},
  date        = {2017-03-07},
  institution = {University of New Mexico, Albuquerque},
  title       = {Teaching image and video processing using middle-school mathematics and the Raspberry PI},
  type        = {Paper},
  url         = {http://ivpcl.unm.edu/bibtex_php/Conferences_Pdfs/TEACHING_IMAGE_AND_VIDEO_PROCESSINGUSING_MIDDLE_SCHOOL.pdf},
}

@Article{ArnoutGyssels2020,
  author       = {Arnout Gyssels, Jens Vancaeneghem},
  date         = {2020-12-15},
  journaltitle = {Nieuwsblad},
  title        = {Vanaf vijfde leerjaar een laptop voor elke leerling: Ben Weyts (N-VA) trekt 375 miljoen euro uit voor digitale sprong in het onderwijs},
  url          = {https://www.nieuwsblad.be/cnt/dmf20201214_97372547},
}

@Thesis{Jain2014,
  author      = {Sarthak Jain and Anant Vaibhav and Lovely Goyal},
  date        = {2014-02-08},
  institution = {Dept. of Electrical and Electronics Engineering, Maharaja Agrasen Institute of Technology},
  title       = {Raspberry Pi based InteractiveHome Automation System through E-mail},
  type        = {Paper},
  url         = {http://isharifi.ir/teaching/2017_Fall/IoT/papers/Raspberry Pi based Interactive Home Automation System through E-mail .pdf},
}

@Comment{jabref-meta: databaseType:biblatex;}
